@online{kafka,
	language = "english",
	title    = "Kafka [Электронный ресурс]",
	note     = "Режим доступа URL: \url{https://kafka.apache.org} (Дата обращения: 09.04.2024)"
}


@online{idprovider,
	language = "english",
	title    = "Identity Provider [Электронный ресурс]",
	note     = "Режим доступа URL: \url{https://www.okta.com/identity-101/why-your-company-needs-an-identity-provider/} (Дата обращения: 09.04.2024)"
}


@online{docker,
	language = "english",
	title    = "Docker [Электронный ресурс]",
	note     = "Режим доступа URL: \url{https://www.docker.com/} (Дата обращения: 09.04.2024)"
}


@online{windows-server,
	language = "english",
	title    = "Microsoft Windows Server [Электронный ресурс]",
	note     = "Режим доступа URL: \url{https://www.microsoft.com/windows-server} (Дата обращения: 09.04.2024)"
}


@online{postgresql,
	language = "english",
	title    = "PostgreSQL [Электронный ресурс]",
	note     = "Режим доступа URL: \url{https://www.postgresql.org} (Дата обращения: 09.04.2024)"
}


@online{csharp,
	language = "english",
	title    = "C\# [Электронный ресурс]",
	note     = "Режим доступа URL: \url{https://learn.microsoft.com/dotnet/csharp/} (Дата обращения: 09.04.2024)"
}


@online{aspnet,
	language = "english",
	title    = "ASP.NET Core [Электронный ресурс]",
	note     = "Режим доступа URL: \url{https://dotnet.microsoft.com/apps/aspnet} (Дата обращения: 09.04.2024)"
}


@online{react,
	language = "english",
	title    = "React [Электронный ресурс]",
	note     = "Режим доступа URL: \url{https://react.dev} (Дата обращения: 09.04.2024)"
}